@inproceedings{ronneberger2015unet,
  title     = {U-Net: Convolutional Networks for Biomedical Image Segmentation},
  author    = {Ronneberger, Olaf and Fischer, Philipp and Brox, Thomas},
  booktitle = {International Conference on Medical Image Computing and Computer-Assisted Intervention (MICCAI)},
  pages     = {234--241},
  year      = {2015},
  publisher = {Springer},
  doi       = {10.1007/978-3-319-24574-4_28}
}

@misc{cardoso2022monai,
  title        = {MONAI: An open-source framework for deep learning in healthcare},
  author       = {Cardoso, M. Jorge and Li, Wenqi and Brown, Tom and others},
  year         = {2022},
  howpublished = {arXiv preprint arXiv:2211.02701},
  url          = {https://arxiv.org/abs/2211.02701}
}

@misc{hatamizadeh2022swin,
  title        = {Swin UNETR: Swin Transformers for Semantic Segmentation of Brain Tumors in MRI Images},
  author       = {Hatamizadeh, Ali and Nath, Vishwesh and Tang, Yucheng and Yang, Dong and Myronenko, Andriy and Landman, Bennett and Roth, Holger and Xu, Daguang},
  year         = {2022},
  howpublished = {arXiv preprint arXiv:2201.01266},
  url          = {https://arxiv.org/abs/2201.01266}
}

@misc{chen2021transunet,
  title        = {TransUNet: Transformers Make Strong Encoders for Medical Image Segmentation},
  author       = {Chen, Jin and Lu, Yongyi and Yu, Qihang and Luo, Xiangde and Adeli, Ehsan and Wang, Yan and Lu, Le and Yuille, Alan L and Zhou, Yuyin},
  year         = {2021},
  howpublished = {arXiv preprint arXiv:2102.04306},
  url          = {https://arxiv.org/abs/2102.04306}
}

@misc{duke_breast_mri,
  title        = {The Duke-Breast-Cancer-MRI Dataset},
  author       = {Clark, Kenneth and Vendt, Brian and Smith, Kirk and others},
  year         = {2020},
  howpublished = {The Cancer Imaging Archive (TCIA)},
  note         = {\url{https://doi.org/10.7937/TCIA.2019.4VAFYFM9}}
}


@article{lew2024segmentation,
  title     = {A publicly available deep learning model and dataset for segmentation of breast, fibroglandular tissue, and vessels in breast MRI},
  author    = {Lew, Christopher O. and Harouni, Majid and Kirksey, Ella R. and Kang, Elianne J. and Dong, Haoyu and Gu, Hanxue and Grimm, Lars J. and Walsh, Ruth and Lowell, Dorothy A. and Mazurowski, Maciej A.},
  journal   = {Scientific Reports},
  volume    = {14},
  number    = {1},
  pages     = {5383},
  year      = {2024},
  publisher = {Nature Publishing Group},
  doi       = {10.1038/s41598-024-54048-2},
  url       = {https://doi.org/10.1038/s41598-024-54048-2}
}
